@article{paper,
    author =       "Hareesh Bahuleyan",
    title =        "Music Genre Classification using Machine Learning Techniques",
    journal =      "University of Waterloo, ON, Canada",
    year =         "2018",
}